@article{Thompson:2010:PAU:1710130.1710139,
 author = {Thompson, Nathanael and Kravets, Robin},
 title = {Poster abstract: understanding and controlling congestion in delay tolerant networks},
 journal = {SIGMOBILE Mob. Comput. Commun. Rev.},
 volume = {13},
 issue = {3},
 month = {January},
 year = {2010},
 issn = {1559-1662},
 pages = {42--45},
 numpages = {4},
 url = {http://doi.acm.org/10.1145/1710130.1710139},
 doi = {http://doi.acm.org/10.1145/1710130.1710139},
 acmid = {1710139},
 publisher = {ACM},
 address = {New York, NY, USA},
}

@inproceedings{thompson:congestion:mobicom08,
author="Nathanael Thompson and Robin Kravets",
title="Understanding and Controlling Congestion in Delay Tolerant Networks",
booktitle="Poster, ACM MobiCom",
month="September",
year="2008",
}

@inproceedings{thompson:organic:hotmobile08,
author="Nathanael Thompson and Petros Zerfos and Robert Sombruski and Jens-Peter
Redlich and Haiyun Luo",
title="100\% Organic: Design and Implementation of Self-Sustaining Cellular Networks",
booktitle="Proceedings of ACM HotMobile",
month="February",
year="2008",
}

@inproceedings{thompson:age:mobicom07,
author="Nathanael Thompson and Haiyun Luo and Petros Zerfos and Jatinder Singh and Zuoning Yin",
title="Extended Abstract: Authentication on the Edge - Distributed Authentication for a Global Open Wi-Fi Network",
booktitle="Proceedings ACM MobiCom",
month="September",
year="2007",
}

@inproceedings{ucan:piggyback:midsens07,
author="Ercan Ucan and Nathanael Thompson and Indranil Gupta",
title="A PiggyBacking Approach to Reduce Overhead in Sensor Network Gossip",
booktitle="Proceedings ACM MIDSENS",
month="November",
year="2007",
}

@inproceedings{thompson:cc:infocom10,
author="Nathanael Thompson and Samuel Nelson and Mehedi Bakht and Tarek Abdelzaher and Robin Kravets",
title="Retiring Replicants: Congestion Control for Intermittently Connected Networks",
booktitle="Proceedings IEEE INFOCOM",
month="March",
year="2010",
}

@inproceedings{thompson:perm:infocom06,
author="Nathanael Thompson and Guanghui He and Haiyun Luo",
title="Flow Scheduling for End-host Multihoming",
booktitle="Proceedings IEEE INFOCOM",
month="April",
year="2006",
}

@article{gupta:methodology:lncs05,
author="Indranil Gupta and Steve Ko and Nathanael Thompson and Mehwish Nagda and Christo F.  Devaraj and Ramsés Morales and Jay A. Patel",
title="A Case for Methodology Research in Self-* Distributed Systems",
journal="LNCS 3460, Self-Star Properties in Complex Information Systems (eds: O. Babaoglu et al)",
pages="260-272",
year="2005",
}

@techreport{thompson:perm:uiuc06,
author="Nathanael Thompson and Haiyun Luo",
title="PERM: A Collaborative System for Residential Internet Access",
number="UIUCDCS-R-2006-2751",
institution="University of Illinois",
month="July",
year="2006",
}

@techreport{thompson:sched:uiuc06,
author="Nathanael Thompson and Ercan Ucan and Indranil Gupta",
title="Scheduling of Multi-Stream Gossip Systems",
number="UIUCDCS-R-2006-2726",
institution="University of Illinois",
month="May",
year="2006",
}

@techreport{thompson:ppcl:uiuc04,
author="Nathanael Thompson and Indranil Gupta and Kenneth Birman",
title="A Composition Methodology for Designing Proactive Distributed Protocols",
number="UIUCDCS-R-2004-2490",
institution="University of Illinois",
month="October",
year="2004",
}

@inproceedings{he:traffic:mobihoc05,
author="Guanghui He and Nathanael Thompson and Haiyun Luo",
title="Individual User WLAN Traffic Analysis",
booktitle="Poster, ACM MobiHoc",
month="May",
year="2005",
}

@misc{thompson:membership:brown01,
  author = "Nathanael Thompson and Thomas W. Doeppner and Maurice Herlihy",
  title = "Group Membership in Ad Hoc Wireless Networks",
  howpublished = "Undergraduate Honors Thesis",
  address = "Providence, RI, USA",
  year = "2001",
  note = "Department of Computer Science, Brown University",
}
